
@misc{payette_netlogo_2019,
	title = {{NetLogo} {Online} {Models} {Dialogue}},
	url = {https://github.com/nicolaspayette/NetLogo/tree/online-models},
	author = {Payette, Nicolas},
	year = {2019}
}

@article{grimm_odd_2010,
	title = {The {ODD} protocol: a review and first update},
	volume = {221},
	shorttitle = {The {ODD} protocol},
	number = {23},
	urldate = {2016-11-28},
	journal = {Ecological modelling},
	author = {Grimm, Volker and Berger, Uta and DeAngelis, Donald L. and Polhill, J. Gary and Giske, Jarl and Railsback, Steven F.},
	year = {2010},
	pages = {2760--2768},
	file = {[PDF] uib.no:/home/nicolas/.mozilla/firefox/r5bvjd8a.default/zotero/storage/JGMEDAHH/Grimm et al. - 2010 - The ODD protocol a review and first update.pdf:application/pdf;Snapshot:/home/nicolas/.mozilla/firefox/r5bvjd8a.default/zotero/storage/KMVZH4NS/S030438001000414X.html:text/html}
}

@inproceedings{lerner_connected_2010,
	title = {Connected {Modeling}: {Design} and {Analysis} of the {Modeling} {Commons}},
	shorttitle = {Connected {Modeling}},
	booktitle = {Proceedings of the {Chais} conference on instructional technologies research 2010: {Learning} in the technological era},
	author = {Lerner, R. and Levy, Sharona T. and Wilensky, Uri},
	editor = {Eshet-Alkalai, Yoram and Caspi, Avner and Eden, Sigal and Geri, Nitza and Tal-Elhasid, Edna and Yair, Yoav},
	year = {2010},
	pages = {54--60},
	file = {Fulltext:/home/nicolas/.mozilla/firefox/r5bvjd8a.default/zotero/storage/QTZP37CV/Lerner et al. - 2010 - Connected Modeling Design and Analysis of the Mod.pdf:application/pdf;Snapshot:/home/nicolas/.mozilla/firefox/r5bvjd8a.default/zotero/storage/ZGD7P994/Lerner et al. - 2010 - Connected Modeling Design and Analysis of the Mod.pdf:application/pdf}
}

@phdthesis{lerner_agent-based_2014,
	type = {{PhD} {Thesis}},
	title = {Agent-{Based} {Modeling} as a {Social} {Activity}},
	school = {Northwestern University},
	author = {Lerner, Reuven M.},
	year = {2014},
	file = {Snapshot:/home/nicolas/.mozilla/firefox/r5bvjd8a.default/zotero/storage/22L9J67G/Lerner - 2014 - Agent-Based Modeling as a Social Activity:}
}

@inproceedings{luke_mason:_2003,
	title = {{MASON}: {A} {Java} multi-agent simulation library},
	volume = {9},
	shorttitle = {{MASON}},
	booktitle = {Proceedings of {Agent} 2003 {Conference} on {Challenges} in {Social} {Simulation}},
	author = {Luke, Sean and Balan, Gabriel Catalin and Panait, Liviu and Cioffi-Revilla, Claudio and Paus, Sean},
	year = {2003},
	file = {Snapshot:/home/nicolas/.mozilla/firefox/r5bvjd8a.default/zotero/storage/CZDB3DLM/Luke et al. - 2003 - MASON A Java multi-agent simulation library.pdf:application/pdf}
}

@inproceedings{luke_mason:_2004,
	title = {Mason: {A} new multi-agent simulation toolkit},
	volume = {8},
	shorttitle = {Mason},
	booktitle = {Proceedings of the 2004 swarmfest workshop},
	publisher = {Michigan, USA},
	author = {Luke, Sean and Cioffi-Revilla, Claudio and Panait, Liviu and Sullivan, Keith},
	year = {2004},
	pages = {316--327},
	file = {Fulltext:/home/nicolas/.mozilla/firefox/r5bvjd8a.default/zotero/storage/59RGATN4/Luke et al. - 2004 - Mason A new multi-agent simulation toolkit.pdf:application/pdf;Snapshot:/home/nicolas/.mozilla/firefox/r5bvjd8a.default/zotero/storage/6P4SN2FP/Luke et al. - 2004 - Mason A new multi-agent simulation toolkit.pdf:application/pdf}
}

@article{luke_mason:_2005,
	title = {Mason: {A} multiagent simulation environment},
	volume = {81},
	shorttitle = {Mason},
	number = {7},
	journal = {Simulation},
	author = {Luke, Sean and Cioffi-Revilla, Claudio and Panait, Liviu and Sullivan, Keith and Balan, Gabriel},
	year = {2005},
	pages = {517--527},
	file = {Fulltext:/home/nicolas/.mozilla/firefox/r5bvjd8a.default/zotero/storage/TVKEAUHC/Luke et al. - 2005 - Mason A multiagent simulation environment.pdf:application/pdf;Snapshot:/home/nicolas/.mozilla/firefox/r5bvjd8a.default/zotero/storage/GHJEM36I/0037549705058073.html:text/html}
}

@inproceedings{tisue_netlogo:_2004,
	title = {Netlogo: {A} simple environment for modeling complexity},
	volume = {21},
	shorttitle = {Netlogo},
	booktitle = {International conference on complex systems},
	publisher = {Boston, MA},
	author = {Tisue, Seth and Wilensky, Uri},
	year = {2004},
	pages = {16--21},
	file = {Fulltext:/home/nicolas/.mozilla/firefox/r5bvjd8a.default/zotero/storage/KAVZ6PDL/Tisue and Wilensky - 2004 - Netlogo A simple environment for modeling complex.pdf:application/pdf;Snapshot:/home/nicolas/.mozilla/firefox/r5bvjd8a.default/zotero/storage/42B4L2KK/Tisue and Wilensky - 2004 - Netlogo A simple environment for modeling complex.pdf:application/pdf}
}

@article{collier_repast:_2003,
	title = {Repast: {An} extensible framework for agent simulation},
	volume = {36},
	shorttitle = {Repast},
	journal = {The University of Chicago’s Social Science Research},
	author = {Collier, Nick},
	year = {2003},
	pages = {2003},
	file = {Fulltext:/home/nicolas/.mozilla/firefox/r5bvjd8a.default/zotero/storage/ZIZSSLZ5/Collier - 2003 - Repast An extensible framework for agent simulati.pdf:application/pdf;Snapshot:/home/nicolas/.mozilla/firefox/r5bvjd8a.default/zotero/storage/JRGC3E6J/Collier - 2003 - Repast An extensible framework for agent simulati.pdf:application/pdf}
}

@inproceedings{taillandier_gama:_2010,
	title = {{GAMA}: a simulation platform that integrates geographical information data, agent-based modeling and multi-scale control},
	shorttitle = {{GAMA}},
	booktitle = {International {Conference} on {Principles} and {Practice} of {Multi}-{Agent} {Systems}},
	publisher = {Springer},
	author = {Taillandier, Patrick and Vo, Duc-An and Amouroux, Edouard and Drogoul, Alexis},
	year = {2010},
	pages = {242--258},
	file = {Fulltext:/home/nicolas/.mozilla/firefox/r5bvjd8a.default/zotero/storage/YGTBCFBA/Taillandier et al. - 2010 - GAMA a simulation platform that integrates geogra.pdf:application/pdf;Snapshot:/home/nicolas/.mozilla/firefox/r5bvjd8a.default/zotero/storage/WTZXAC4H/978-3-642-25920-3_17.html:text/html}
}

@inproceedings{grignard_gama_2013,
	title = {{GAMA} 1.6: {Advancing} the art of complex agent-based modeling and simulation},
	shorttitle = {{GAMA} 1.6},
	booktitle = {International {Conference} on {Principles} and {Practice} of {Multi}-{Agent} {Systems}},
	publisher = {Springer},
	author = {Grignard, Arnaud and Taillandier, Patrick and Gaudou, Benoit and Vo, Duc An and Huynh, Nghi Quang and Drogoul, Alexis},
	year = {2013},
	pages = {117--131},
	file = {Fulltext:/home/nicolas/.mozilla/firefox/r5bvjd8a.default/zotero/storage/9X26WPUB/Grignard et al. - 2013 - GAMA 1.6 Advancing the art of complex agent-based.pdf:application/pdf;Snapshot:/home/nicolas/.mozilla/firefox/r5bvjd8a.default/zotero/storage/BJYBP4RD/978-3-642-44927-7_9.html:text/html}
}

@book{chacon_pro_2014,
	title = {Pro {Git}},
	isbn = {978-1-4842-0076-6},
	abstract = {Pro Git (Second Edition) is your fully-updated guide to Git and its usage in the modern world. Git has come a long way since it was first developed by Linus Torvalds for Linux kernel development. It has taken the open source world by storm since its inception in 2005, and this book teaches you how to use it like a pro. Effective and well-implemented version control is a necessity for successful web projects, whether large or small. With this book you’ll learn how to master the world of distributed version workflow, use the distributed features of Git to the full, and extend Git to meet your every need. Written by Git pros Scott Chacon and Ben Straub, Pro Git (Second Edition) builds on the hugely successful first edition, and is now fully updated for Git version 2.0, as well as including an indispensable chapter on GitHub. It’s the best book for all your Git needs.},
	language = {en},
	publisher = {Apress},
	author = {Chacon, Scott and Straub, Ben},
	month = nov,
	year = {2014},
	keywords = {Computers / Information Technology, Computers / Software Development \& Engineering / General, Computers / Programming / General, Computers / Programming / Open Source}
}

@misc{noauthor_github_nodate,
	title = {{GitHub}},
	url = {https://github.com/},
	urldate = {2018-03-26}
}

@article{grimm_standard_2006,
	title = {A standard protocol for describing individual-based and agent-based models},
	volume = {198},
	number = {1-2},
	journal = {Ecological modelling},
	author = {Grimm, Volker and Berger, Uta and Bastiansen, Finn and Eliassen, Sigrunn and Ginot, Vincent and Giske, Jarl and Goss-Custard, John and Grand, Tamara and Heinz, Simone K. and Huse, Geir},
	year = {2006},
	pages = {115--126},
	file = {Snapshot:/home/nicolas/.mozilla/firefox/r5bvjd8a.default/zotero/storage/K64V9V5E/S0304380006002043.html:text/html}
}

@misc{noauthor_comses_nodate,
	title = {{CoMSES} {Net}},
	url = {https://www.comses.net/},
	urldate = {2018-03-27}
}

@misc{noauthor_open_nodate,
	title = {Open {Science} {Framework}},
	url = {https://osf.io/},
	language = {en},
	urldate = {2018-03-27},
	journal = {Open Science Framework}
}

@misc{noauthor_dataverse_nodate,
	title = {The {Dataverse} {Project}},
	url = {https://dataverse.org/},
	language = {en},
	urldate = {2018-03-27}
}

@misc{noauthor_zenodo_nodate,
	title = {Zenodo},
	url = {https://zenodo.org/}
}

@misc{noauthor_netlogo_nodate,
	title = {{NetLogo} {User} {Community} {Models}},
	url = {http://ccl.northwestern.edu/netlogo/models/community/index.cgi},
	urldate = {2018-03-29}
}

@misc{wilensky_netlogo_1999,
	title = {{NetLogo}},
	url = {http://ccl.northwestern.edu/netlogo/},
	urldate = {2018-03-29},
	publisher = {Center for Connected Learning},
	author = {Wilensky, Uri},
	year = {1999},
	keywords = {agent-based-modeling, logo}
}
